
@misc{noauthor_our_nodate,
	title = {Our world is losing ice at record rate},
	url = {https://www.esa.int/Applications/Observing_the_Earth/FutureEO/CryoSat/Our_world_is_losing_ice_at_record_rate},
	abstract = {A research team – the first to carry out a survey of global ice loss using satellite data – has discovered that the rate at which ice is disappearing across the planet is speeding up. The findings also reveal that 28 trillion tonnes of ice was lost between 1994 and 2017 – equivalent to a sheet of ice 100 metres thick covering the whole of the UK.},
	language = {en},
	urldate = {2022-07-27},
	file = {Snapshot:C\:\\Users\\loadi\\Zotero\\storage\\VXJT3I3D\\Our_world_is_losing_ice_at_record_rate.html:text/html},
}

@article{briner_rate_2020,
	title = {Rate of mass loss from the {Greenland} {Ice} {Sheet} will exceed {Holocene} values this century},
	volume = {586},
	copyright = {2020 The Author(s), under exclusive licence to Springer Nature Limited},
	issn = {1476-4687},
	url = {https://www.nature.com/articles/s41586-020-2742-6},
	doi = {10.1038/s41586-020-2742-6},
	abstract = {The Greenland Ice Sheet (GIS) is losing mass at a high rate1. Given the short-term nature of the observational record, it is difficult to assess the historical importance of this mass-loss trend. Unlike records of greenhouse gas concentrations and global temperature, in which observations have been merged with palaeoclimate datasets, there are no comparably long records for rates of GIS mass change. Here we reveal unprecedented mass loss from the GIS this century, by placing contemporary and future rates of GIS mass loss within the context of the natural variability over the past 12,000 years. We force a high-resolution ice-sheet model with an ensemble of climate histories constrained by ice-core data2. Our simulation domain covers southwestern Greenland, the mass change of which is dominated by surface mass balance. The results agree favourably with an independent chronology of the history of the GIS margin3,4. The largest pre-industrial rates of mass loss (up to 6,000 billion tonnes per century) occurred in the early Holocene, and were similar to the contemporary (ad 2000–2018) rate of around 6,100 billion tonnes per century5. Simulations of future mass loss from southwestern GIS, based on Representative Concentration Pathway (RCP) scenarios corresponding to low (RCP2.6) and high (RCP8.5) greenhouse gas concentration trajectories6, predict mass loss of between 8,800 and 35,900 billion tonnes over the twenty-first century. These rates of GIS mass loss exceed the maximum rates over the past 12,000 years. Because rates of mass loss from the southwestern GIS scale linearly5 with the GIS as a whole, our results indicate, with high confidence, that the rate of mass loss from the GIS will exceed Holocene rates this century.},
	language = {en},
	number = {7827},
	urldate = {2022-07-27},
	journal = {Nature},
	author = {Briner, Jason P. and Cuzzone, Joshua K. and Badgeley, Jessica A. and Young, Nicolás E. and Steig, Eric J. and Morlighem, Mathieu and Schlegel, Nicole-Jeanne and Hakim, Gregory J. and Schaefer, Joerg M. and Johnson, Jesse V. and Lesnek, Alia J. and Thomas, Elizabeth K. and Allan, Estelle and Bennike, Ole and Cluett, Allison A. and Csatho, Beata and de Vernal, Anne and Downs, Jacob and Larour, Eric and Nowicki, Sophie},
	month = oct,
	year = {2020},
	note = {Number: 7827
Publisher: Nature Publishing Group},
	keywords = {Cryospheric science, Palaeoclimate, Projection and prediction},
	pages = {70--74},
	file = {Full Text PDF:C\:\\Users\\loadi\\Zotero\\storage\\6Z6S5G99\\Briner et al. - 2020 - Rate of mass loss from the Greenland Ice Sheet wil.pdf:application/pdf;Snapshot:C\:\\Users\\loadi\\Zotero\\storage\\2IU4C54M\\s41586-020-2742-6.html:text/html},
}

@misc{noauthor_greenland_nodate,
	title = {Greenland, {Antarctica} {Melting} {Six} {Times} {Faster} {Than} in the 1990s},
	url = {https://climate.nasa.gov/news/2958/greenland-antarctica-melting-six-times-faster-than-in-the-1990s},
	abstract = {The two regions have lost 6.4 trillion tons of ice in three decades; unabated, this rate of melting could cause flooding that affects hundreds of millions of people by 2100.},
	urldate = {2022-07-27},
	journal = {Climate Change: Vital Signs of the Planet},
	file = {Snapshot:C\:\\Users\\loadi\\Zotero\\storage\\5WA9I7Q8\\greenland-antarctica-melting-six-times-faster-than-in-the-1990s.html:text/html},
}

@article{king_dynamic_2020,
	title = {Dynamic ice loss from the {Greenland} {Ice} {Sheet} driven by sustained glacier retreat},
	volume = {1},
	copyright = {2020 The Author(s)},
	issn = {2662-4435},
	url = {https://www.nature.com/articles/s43247-020-0001-2},
	doi = {10.1038/s43247-020-0001-2},
	abstract = {The Greenland Ice Sheet is losing mass at accelerated rates in the 21st century, making it the largest single contributor to rising sea levels. Faster flow of outlet glaciers has substantially contributed to this loss, with the cause of speedup, and potential for future change, uncertain. Here we combine more than three decades of remotely sensed observational products of outlet glacier velocity, elevation, and front position changes over the full ice sheet. We compare decadal variability in discharge and calving front position and find that increased glacier discharge was due almost entirely to the retreat of glacier fronts, rather than inland ice sheet processes, with a remarkably consistent speedup of 4–5\% per km of retreat across the ice sheet. We show that widespread retreat between 2000 and 2005 resulted in a step-increase in discharge and a switch to a new dynamic state of sustained mass loss that would persist even under a decline in surface melt.},
	language = {en},
	number = {1},
	urldate = {2022-07-27},
	journal = {Communications Earth \& Environment},
	author = {King, Michalea D. and Howat, Ian M. and Candela, Salvatore G. and Noh, Myoung J. and Jeong, Seongsu and Noël, Brice P. Y. and van den Broeke, Michiel R. and Wouters, Bert and Negrete, Adelaide},
	month = aug,
	year = {2020},
	note = {Number: 1
Publisher: Nature Publishing Group},
	keywords = {Cryospheric science, Planetary science},
	pages = {1--7},
	file = {Full Text PDF:C\:\\Users\\loadi\\Zotero\\storage\\TAG9R8PE\\King et al. - 2020 - Dynamic ice loss from the Greenland Ice Sheet driv.pdf:application/pdf;Snapshot:C\:\\Users\\loadi\\Zotero\\storage\\98I9DDC9\\s43247-020-0001-2.html:text/html},
}

@book{stocker_climate_2013,
	address = {s.l.},
	title = {Climate change 2013: the physical science basis: summary for policymakers, a report of working group {I} of the {IPCC}: technical summary, a report accepted by working group {I} of the {IPCC} but not approved in detail: and frequently asked questions: part of the working group {I} contribution to the fifth assessment report of the intergovernmental panel on climate change},
	isbn = {978-92-9169-138-8},
	shorttitle = {Climate change 2013},
	language = {en},
	publisher = {WMO, UNEP},
	editor = {Stocker, Thomas and Qin, Dahe},
	year = {2013},
	file = {Stocker and Qin - 2013 - Climate change 2013 the physical science basis s.pdf:C\:\\Users\\loadi\\Zotero\\storage\\EZQZ3A6V\\Stocker and Qin - 2013 - Climate change 2013 the physical science basis s.pdf:application/pdf},
}

@misc{noauthor_greenland_nodate-1,
	title = {Greenland {Ice} {Loss} 2002-2021},
	url = {https://grace.jpl.nasa.gov/resources/30/greenland-ice-loss-2002-2021},
	abstract = {Research based on GRACE observations indicates that between 2002 and 2021, Greenland shed approximately 280 gigatons of ice per year.},
	language = {en},
	urldate = {2022-07-27},
	journal = {GRACE Tellus},
	file = {Snapshot:C\:\\Users\\loadi\\Zotero\\storage\\LZAHS77R\\greenland-ice-loss-2002-2021.html:text/html},
}

@article{liao_ionospheric_2018,
	title = {Ionospheric correction of {InSAR} data for accurate ice velocity measurement at polar regions},
	volume = {209},
	issn = {0034-4257},
	url = {https://www.sciencedirect.com/science/article/pii/S0034425718300580},
	doi = {10.1016/j.rse.2018.02.048},
	abstract = {Interferometric synthetic aperture radar (InSAR) has become an essential tool for measuring ice sheet velocity in the Polar Regions. At low radar frequencies, e.g. L-band (1.2 GHz) but also at higher frequency, e.g. C-band (5.6 GHz), the ionosphere has been documented to be an important source of noise in these data. In this paper, we employ a split-spectrum technique and investigate its performance for correcting ionospheric effects in InSAR-based ice velocity measurements in Greenland and Antarctica. Three case studies using ALOS PALSAR data are used to assess the performance of the split spectrum technique for ionosphere correction over a range of environmental parameters. We employ several approaches to evaluate the results, including visual inspection, profile analysis, comparison of experimental and theoretic errors, comparison with reference data from other sources, generation of double difference interferograms, and analysis of time series of multi-temporal data. Our experiments show that ionospheric distortions are observed regularly, and in our analyzed Greenland dataset and Antarctic dataset the ionospheric noise reaches 14 m/yr and 10 m/yr, respectively, which exceeds the signal associated with ice motion. Our analysis using several different approaches demonstrates that the split-spectrum technique provides an effective correction. The split spectrum technique is also found to be superior to currently used approaches such as baseline fitting and multi-temporal averaging. The noise level is reduced by a factor of 70\% in Greenland test areas and 90\% in Antarctic test areas.},
	language = {en},
	urldate = {2022-07-27},
	journal = {Remote Sensing of Environment},
	author = {Liao, Heming and Meyer, Franz J. and Scheuchl, Bernd and Mouginot, Jeremie and Joughin, Ian and Rignot, Eric},
	month = may,
	year = {2018},
	keywords = {Data stacking, Ice velocity, Ionosphere correction, Ionosphere effect, Range split spectrum, SAR interferometry, Synthetic aperture radar},
	pages = {166--180},
	file = {ScienceDirect Snapshot:C\:\\Users\\loadi\\Zotero\\storage\\DMBA48WU\\S0034425718300580.html:text/html},
}

@article{finzel_surface_2015,
	title = {Surface motions and intraplate continental deformation in {Alaska} driven by mantle flow},
	volume = {42},
	issn = {1944-8007},
	url = {https://onlinelibrary.wiley.com/doi/abs/10.1002/2015GL063987},
	doi = {10.1002/2015GL063987},
	abstract = {The degree to which the lithosphere and mantle are coupled and contribute to surface deformation beneath continental regions remains a fundamental question in the field of geodynamics. Here we use a new approach with a surface deformation field constrained by GPS, geologic, and seismicity data, together with a lithospheric geodynamic model, to solve for tractions inferred to be generated by mantle convection that (1) drive extension within interior Alaska generating southward directed surface motions toward the southern convergent plate boundary, (2) result in accommodation of the relative motions between the Pacific and North America in a comparatively small zone near the plate boundary, and (3) generate the observed convergence within the North American plate interior in the Mackenzie mountains in northwestern Canada. The evidence for deeper mantle influence on surface deformation beneath a continental region suggests that this mechanism may be an important contributing driver to continental plate assemblage and breakup.},
	language = {en},
	number = {11},
	urldate = {2022-07-27},
	journal = {Geophysical Research Letters},
	author = {Finzel, Emily S. and Flesch, Lucy M. and Ridgway, Kenneth D. and Holt, William E. and Ghosh, Attreyee},
	year = {2015},
	note = {\_eprint: https://onlinelibrary.wiley.com/doi/pdf/10.1002/2015GL063987},
	keywords = {Alaska, continental deformation, geodynamics, mantle tractions},
	pages = {4350--4358},
	file = {Full Text PDF:C\:\\Users\\loadi\\Zotero\\storage\\8NWDQAZV\\Finzel et al. - 2015 - Surface motions and intraplate continental deforma.pdf:application/pdf;Snapshot:C\:\\Users\\loadi\\Zotero\\storage\\4IJAWFZM\\2015GL063987.html:text/html},
}

@article{the_imbie_team_mass_2020,
	title = {Mass balance of the {Greenland} {Ice} {Sheet} from 1992 to 2018},
	volume = {579},
	issn = {0028-0836, 1476-4687},
	url = {http://www.nature.com/articles/s41586-019-1855-2},
	doi = {10.1038/s41586-019-1855-2},
	language = {en},
	number = {7798},
	urldate = {2022-07-28},
	journal = {Nature},
	author = {{The IMBIE Team}},
	month = mar,
	year = {2020},
	pages = {233--239},
	file = {The IMBIE Team - 2020 - Mass balance of the Greenland Ice Sheet from 1992 .pdf:C\:\\Users\\loadi\\Zotero\\storage\\MM54A5KN\\The IMBIE Team - 2020 - Mass balance of the Greenland Ice Sheet from 1992 .pdf:application/pdf},
}

@article{pattyn_greenland_2018,
	title = {The {Greenland} and {Antarctic} ice sheets under 1.5 °{C} global warming},
	volume = {8},
	issn = {1758-678X, 1758-6798},
	url = {http://www.nature.com/articles/s41558-018-0305-8},
	doi = {10.1038/s41558-018-0305-8},
	language = {en},
	number = {12},
	urldate = {2022-07-28},
	journal = {Nature Climate Change},
	author = {Pattyn, Frank and Ritz, Catherine and Hanna, Edward and Asay-Davis, Xylar and DeConto, Rob and Durand, Gaël and Favier, Lionel and Fettweis, Xavier and Goelzer, Heiko and Golledge, Nicholas R. and Kuipers Munneke, Peter and Lenaerts, Jan T. M. and Nowicki, Sophie and Payne, Antony J. and Robinson, Alexander and Seroussi, Hélène and Trusel, Luke D. and van den Broeke, Michiel},
	month = dec,
	year = {2018},
	pages = {1053--1061},
	file = {Pattyn et al. - 2018 - The Greenland and Antarctic ice sheets under 1.5 °.pdf:C\:\\Users\\loadi\\Zotero\\storage\\Q2TBPAT9\\Pattyn et al. - 2018 - The Greenland and Antarctic ice sheets under 1.5 °.pdf:application/pdf},
}

@article{lines_review_1984,
	title = {A {Review} of {Least}-{Squares} {Inversion} and {Its} {Application} to {Geophysical} {Problems}*},
	volume = {32},
	issn = {1365-2478},
	url = {https://onlinelibrary.wiley.com/doi/abs/10.1111/j.1365-2478.1984.tb00726.x},
	doi = {10.1111/j.1365-2478.1984.tb00726.x},
	abstract = {Geophysical inversion involves the estimation of the parameters of a postulated earth model from a set of observations. Since the associated model responses can be nonlinear functions of the model parameters, nonlinear least-squares techniques prove to be useful for performing the inversion. A common type of inversion applies iterative damped linear least squares through use of the Marquardt-Levenberg method. Traditionally, this method has been implemented by solving the associated normal equations in conventional ways. However, Singular Value Decomposition (SVD) produces significant improvements in computational precision when applied to the same system of normal equations. Iterative least-squares modeling finds application in a wide variety of geophysical problems. Two examples illustrate the approach: (1) seismic wavelet deconvolution, and (2) the location of a buried wedge from surface gravity data. More generally, nonlinear least-squares inversion can be used to estimate earth models for any set of geophysical observations for which an appropriate mathematical description is available.},
	language = {en},
	number = {2},
	urldate = {2022-07-28},
	journal = {Geophysical Prospecting},
	author = {Lines, L.r. and Trei℡, S.},
	year = {1984},
	note = {\_eprint: https://onlinelibrary.wiley.com/doi/pdf/10.1111/j.1365-2478.1984.tb00726.x},
	pages = {159--186},
	file = {Snapshot:C\:\\Users\\loadi\\Zotero\\storage\\GVX9F86V\\j.1365-2478.1984.tb00726.html:text/html},
}

@article{morland_steady_1980,
	title = {Steady {Motion} of {Ice} {Sheets}},
	volume = {25},
	issn = {0022-1430, 1727-5652},
	url = {https://www.cambridge.org/core/journals/journal-of-glaciology/article/steady-motion-of-ice-sheets/37808680C685BE8C5E43B92238C562C8},
	doi = {10.3189/S0022143000010467},
	abstract = {Steady plane flow under gravity of a symmetric ice sheet resting on a horizontal rigid bed, subject to surface accumulation and ablation, basal drainage, and basal sliding according to a shear-traction-velocity power law, is treated. The surface accumulation is taken to depend on height, and the drainage and sliding coefficient also depend on the height of overlying ice. The ice is described as a general non-linearly viscous incompressible fluid, with illustrations presented for Glen’s power law, the polynomial law of Colbeck and Evans, and a Newtonian fluid. Uniform temperature is assumed so that effects of a realistic temperature distribution on the ice response are not taken into account. In dimensionless variables a small paramter ν occurs, but the ν = 0 solution corresponds to an unbounded sheet of uniform depth. To obtain a bounded sheet, a horizontal coordinate scaling by a small factor ε(ν) is required, so that the aspect ratio ε of a steady ice sheet is determined by the ice properties, accumulation magnitude, and the magnitude of the central thickness. A perturbation expansion in ε gives simple leading-order terms for the stress and velocity components, and generates a first order non-linear differential equation for the free-surface slope, which is then integrated to determine the profile. The non-linear differential equation can be solved explicitly for a linear sliding law in the Newtonian case. For the general law it is shown that the leading-order approximation is valid both at the margin and in the central zone provided that the power and coefficient in the sliding law satisfy certain restrictions., RésuméOn traite de l’écoulement permanent plan sous l’effet de la gravité d’une calotte glaciaire symétrique reposant sur un lit horizontal rigide sous l’influence de l’accumulation et de l’ablation de surface avec évacuation au fond et glissement sur le lit selon une loi exponentielle vitesse/cisaillement. On admet que la surface d’accumulation depénd de la hauteur, les coefficients d’écoulement et de glissement dépendent aussi de la hauteur de la glace susjacente. La glace est considérée comme un fluide incompressible, à viscosité non linéaire, avec des exemples présentés suivant la loi exponentielle de Glen, la loi polynomiale de Colbeck et Evans et la loi de Newton. On admet une température uniforme de sorte que les effets de la distribution réelle des témperatures sur le comportement de la glace ne sont pas pris en compte. En variables sans dimensions un petit paramètre ν intervient, mais la solution ν = 0 correspond à une calotte non limitée d’épaisseur uniforme. Pour obtenir une calotte finie, il faut pondérer les coordonnées horizontales par un petit facteur ε(ν) de sorte que le rapport de relief ϵ d’une calotte en état d’équilibre est déterminé par les propriétés de la glace, l’importance de l’accumulation et l’ordre de grandeur de l’épaisseur au centre. Une perturbation par expansion de ε donne des modifications simples des termes réglant les composantes de contrainte et de vitesse, et entraîne une équation différentielle non linéaire de premier ordre pour la pente de la surface libre, qu’on peut alors intégrer pour déterminer le profil, L’équation différentielle linéaire peut être résolue explicitement pour une loi linéaire de glissement dans le cas de l’écoulement Newtonien. Pour la loi générale, on montre que l’approximation de premier ordre est valable à la fois sur la zone de bordure et au centre pourvu que l’exposant et le coefficient de la loi de glissement satisfassent certaines conditions., ZusammenfassungEs wird der stationäre, ebene Fluss unter Schwer-kraft eines symetrischen Eisschildes behandelt, der auf einem horizontalen starren Bett auf liegt, an seiner Oberfläche Akkumulation und Ablation erfährt, ein Abflusssystem am Untergrund besitzt und dort nach einem Exponentialgesetz zwischen Scherspannung und Geschwindigkek gleitct. Für die Akkumulation an der Oberfläche wird Höhenabhängigkeit angenommen; auch der Abfluss und der Gleitkoeffizient sollen von der Höhe des überlagernden Eises abhängen. Das Eis gilt als eine im allgemeinen nicht linear viskose, inkompressible Flüissigkeit, wobei Beispiele für Glen’s Exponentialgesetz, für das Polynomgesetz von Colbeck und Evans und Für eine Newton’sche Flüssigkeit herangezogen werden. Es wird gleichförmige Temperatur angenommen, weshalb die Einflüsse einer tatsächlichen Temperaturverteilung auf das Verhalten des Eises nicht berücksichtigt werden. Bei dimensionslosen Variablen tritt ein kleiner Parameter ν auf, doch entspricht die Lösung für ν = 0 einem unbegrenzten Eisschiid konstanter Dicke. Für einen begrenzten Eisschild wird eine horizontale Koordinatenbeziffcrung mit einem kleinen Faktor ε(ν) benötigt, so dass das Verhältnis ε eines stationären Eisschildes durch die Eigenschaften des Eises, die Grösse der Akkumulation und die Dicke im Zentrum bestimmt wird. Eine Störungsexpansion in ε gibt einfache Richtwertausdrücke für die Komponenten der Spannung und Geschwindigkeit und führt zu einer nichtlinearen Differentialgleichung 1. Ordnung für die Neigung der freien Oberfläche, deren Integration das Profil liefert; sie kann explizit für ein lineares Gleitgesetz im Newton’schen Fall gelöst werden. Für den allgemeinen Fall wird gezeigt, dass die Richtwertnäherung sowohl am Rand wie im Zentrum gilt, sofern die Potenz und der Koeffizient im Gleitgesetz bestimmten Einschränkungen genügen.},
	language = {en},
	number = {92},
	urldate = {2022-09-14},
	journal = {Journal of Glaciology},
	author = {Morland, L. W. and Johnson, I. R.},
	year = {1980},
	note = {Publisher: Cambridge University Press},
	pages = {229--246},
	file = {Full Text PDF:C\:\\Users\\loadi\\Zotero\\storage\\EYV89M6R\\Morland and Johnson - 1980 - Steady Motion of Ice Sheets.pdf:application/pdf;Snapshot:C\:\\Users\\loadi\\Zotero\\storage\\BZICU5BJ\\37808680C685BE8C5E43B92238C562C8.html:text/html},
}
